@article{DRGI08,
	AUTHOR = {K. Dolag and M. Reinecke and C. Gheller and S. Imboden},
	TITLE = {Splotch: visualising cosmological simulations},
	JOURNAL ={ New Journal of Physics},
	VOLUME = {10},	NUMBER = {12},
	YEAR = {2008},	PAGES = {125006},
	DOI = {10.1088/1367-2630/10/12/125006},
 }
 
 @article{JKR*10,
	AUTHOR = {Z. Jin and M. Krokos and M. Rivi and C. Gheller and K. Dolag and M. Reinecke},
	TITLE = {High-performance astrophysical visualisation using {S}plotch},
	JOURNAL = {Procedia Computer Science},
	VOLUME = {1},	NUMBER = {3},
	YEAR = {2010},	PAGES = {1775-1784},
         NOTE = {(Proc. International Conference on Computational Science 2010)}
}

@ARTICLE{RGD*14,
	AUTHOR = {M. Rivi and C. Gheller and T. Dykes and M. Krokos and K. Dolag},
	TITLE = {{GPU} accelerated particle visualisation with {S}plotch},
	JOURNAL = {Astronomy and Computing},
	VOLUME = {},	NUMBER = {},
	YEAR = {2014},	PAGES = {},
 }


