@article {
DataTsunami,
author = {G. {Berriman} and S. {Groom}},
title = {How will Astronomy Archives Survive the Data Tsunami?},
journal = {Communications of the ACM},
volume = {54},
number = {12},
pages = {1150-1164},
year = {2011}
}

@article {
DataAnalysisVisualization,
author = {J. {Ahrens} and D. {Rogers} and B. {Springmeyer}},
title = {Visualization and Data Analysis at the Exascale},
journal = {NNSA White Paper, Accelerated Strategic Computing (ASC) Exascale Environment Planning Process},
year = {2011}
}

@article {
2012ASPC..461...45H,
author = {A. {Hassan} and C. {Fluke} and D. {Barnes}},
title = {Unleashing the Power of Distributed {CPU/GPU} Architectures: Massive Astronomical Data Analysis and Visualization Case Study},
journal = {Astronomical Data Analysis Software and Systems XXI, P. Ballester (Ed.), ASP Conference Series},
volume = {461},
number = {},
pages = {45-48},
year = {2012}
}

@misc {
splotch-web,
author={https://github.com/splotchviz/splotch},
year = {accessed on 27/02/2014}
}

@misc {
askap,
author = {http://www.atnf.csiro.au/projects/askap/},
year = {accessed on 11/12/2013}
}

@misc {
ska,
author = {http://www.skatelescope.org/},
year = {accessed on 11/12/2013}
}

@article {
Fraedrich:2009:TMV,
author = {R. {Fraedrich} and J. {Schneider} and R. {Westermann}},
title = {Exploring the {Millennium Run} - Scalable Rendering of Large-Scale Cosmological Datasets},
journal = {IEEE Transactions on Visualization and Computer Graphics},
volume = {15},
number = {6},
pages = {1251-1258},
year = {2009}
}

@misc {
millennium,
author = {http://www.mpa{-}garching.mpg.de/galform/virgo/millennium/},
year = {accessed on 11/12/2013}
}

@article {
2012arXiv1208.3206K,
author = {R. {Kaehler} and O. {Hahn} and T. {Abel}},
title = {A Novel Approach to Visualizing Dark Matter Simulations},
journal = {IEEE Transactions on Visualization and Computer Graphics},
volume = {18},
number = {12},
pages = {2078-2087},
year = {2012}
}

@misc {
visit,
author = {https://wci.llnl.gov/codes/visit/},
year = {accessed on 11/12/2013}
}

@misc{
paraview,
author = {http://www.paraview.org/},
year = {accessed on 11/12/2013}
}

@misc {
vtk,
author = {http://www.vtk.org/},
year = {accessed on 11/12/2013}
}

@article {
in-situ,
author = {M. Rivi and L. Calori and G. Muscianisi and V. Slavnic},
title = {In-Situ Visualization: State-of-the-Art and Some Use Cases},
journal = {PRACE White Paper, http://www.prace-ri.eu/Visualisation/},
year = {2012}
}

@article {
2011ApJS..195...11W,
author = {J. {Woodring} and K. {Heitmann} and J. {Ahrens} and P. {Fasel} and C. {Hsu} and S. {Habib} and A. {Pope}},
title = {Analyzing and Visualizing Cosmological Simulations with {ParaView}},
journal = {The Astrophysical Journal Supplement Series},
volume = {195},
number = {11},
pages = {},
year = {2011}
}

@misc{
visivo,
author = {http://visivo.oact.inaf.it:8080/},
year = {accessed on 11/12/2013}
}

@article {
VisIVOGateway,
author = {E. {Sciacca}  and M. {Bandieramonte} and U. {Becciani} and A. {Costa} and M. {Krokos} and P.{Massimino} and C. {Petta} and C. {Pistagna} and S. {Riggi} and F. {Vitello}},
title = {{VisIVO} Workflow-Oriented Science Gateway for Astrophysical Visualization},
journal = {Proc. of International Conference on Parallel, Distributed, and Network-Based Processing},
volume = {},
number = {},
pages = {},
year = {2013}
}

@misc{
tipsyurl,
author = {http://www.hpcc.astro.washington.edu/tools/tipsy/tipsy.html/},
year = {accessed on 11/12/2013}
}

@misc {
splash,
author = {http://users.monash.edu.au/dprice/splash/},
year = {accessed on 11/12/2013}
}

@misc {
glnemo,
author = {http://www.oamp.fr/dynamique/jcl/glnemo/},
year = {accessed on 11/12/2013}
}

@misc {
partiview,
author = {http://virdir.ncsa.illinois.edu/partiview/},
year = {accessed on 11/12/2013}
}

@article {
2008NJPh...10l5006D,
author = {K. {Dolag} and M. {Reinecke} and C. {Gheller} and S. {Imboden}},
title = {Splotch: Visualizing Cosmological Simulations},
journal = {New Journal of Physics},
volume = {10},
number = {12},
pages = {125006},
year = {2008}
}

@misc {
horizon,
author = {http://www.projet{-}horizon.fr/},
year = {accessed on 11/12/2013}
}

@misc{
deus,
author = {http://www.deus{-}consortium.org/},
year = {accessed on 11/12/2013}
}

@misc {
m83-vis,
author = {B. {Koribalsky} and C. {Gheller} and K. {Dolag}},
title = {http://www.atnf.csiro.au/people/bkoribal/{3D-V}isualisation/},
year = {accessed on 11/12/2013}
}

@article {
jin:high-performance,
author = {Z. {Jin} and M. {Krokos} and M. {Rivi} and C. {Gheller} and K. {Dolag} and M. {Reinecke}},
title = {High-Performance Astrophysical Visualization using {S}plotch},
journal = {Procedia Computer Science},
volume = {1},
number = {1},
pages = {1775-1784},
year = {2010}
}

@misc{
openmpurl,
author = {http://openmp.org/},
year = {accessed on 11/12/2013}
}

@misc {
cudaurl,
author = {http://developer.nvidia.com/cuda/},
year = {accessed on 11/12/2013}
}

@misc {
thrusturl,
author = {http://thrust.github.com/},
year = {accessed on 11/12/2013}
}

@misc {
hdf5,
author = {http://www.hdfgroup.org/HDF5/},
year = {accessed on 11/12/2013}
}

@book {
1991par..book.....S,
author = {F. {Shu}},
title = {Physics of Astrophysics: Volume {I} Radiation},
publisher = {University Science Books, New York, NY 10012},
year = {1991}
}

@misc {
gadgeturl,
author = {http://www.mpa{-}garching.mpg.de/gadget/},
year = {accessed on 11/12/2013}
}

@article {
RadixSort,
author = {D. {Merrill} and A. {Grimshaw}},
title = {Revising Sorting for {GPGPU} Stream Architectures},
journal = {Technical Report CS2010{-}03, Department of Computer Science, University of Virginia},
year = {2010}
}

@article {
GPUTech,
author ={T. {Dykes} and M. {Rivi} and C. {Gheller} and M. {Krokos} and K. {Dolag} and M. {Reinecke}},
title = {{CUDA Splotch: GPU} Accelerated Astrophysical Visualization},
journal = {NVIDIA GPU Technology Conference},
year = {2013}
}

@article {
paraviewgrid,
author ={G. {Song} and Y. {Zheng} and H. {Shen}},
title = {ParaView-Based Collaborative Visualization for the Grid},
journal = {Advanced Web and Network Technologies, and Applications, Lecture Notes in Computer Science},
volume = {3842},
number = {},
pages = {819-826},
year = {2006}
}

@misc {
mic,
author = {http://intel.com/xeonphi},
year = {accessed on 11/12/2013}
}

@misc {
GK110,
author = {NVIDIA},
title = {http://www.nvidia.co.uk/content/{PDF}/kepler/{NVIDIA-Kepler-GK110-Architecture-Whitepaper}.pdf},
year = {2012}
}

@article{
mic-splotch,
author = {T. {Dykes} and C. {Gheller} and M. {Rivi} and M. {Krokos}},
title = {Big Data Visualization on the {Xeon Phi}},
journal = {In preparation},
year = {2014}
}

@inproceedings{liu2010,
  added-at = {2012-03-06T00:00:00.000+0100},
  author = {Liu, Fang and Huang, Meng-Cheng and Liu, Xuehui and Wu, Enhua},
  biburl = {http://www.bibsonomy.org/bibtex/29e579f3f96bdc52029b16c93d1afa3d2/dblp},
  booktitle = {VRCAI},
  editor = {Yang, Hyun Seung and Enami, Kazumasa and Magnenat-Thalmann, Nadia and Chen, Jim X. and Inoue, Seiki and Pan, Zhigeng and Park, Jong-Il},
  ee = {http://doi.acm.org/10.1145/1900179.1900235},
  interhash = {46581d4b700ffde946bd3f5eb521b95f},
  intrahash = {9e579f3f96bdc52029b16c93d1afa3d2},
  isbn = {978-1-4503-0459-7},
  keywords = {dblp},
  pages = {265-270},
  publisher = {ACM},
  timestamp = {2012-03-06T00:00:00.000+0100},
  title = {Coherent depth test scheme in {FreePipe}},
  year = {2010}
}

@InProceedings{Laine2011,
  author =    {S. {Laine} and T. {Karras}},
  title =     {High-Performance Software Rasterization on {GPU}s},
  booktitle = {Proceedings of High-Performance Graphics 2011},
  year =   {2011}
}
