@ARTICLE{2009MNRAS.398.1150B,
   author = {{Boylan-Kolchin}, M. and {Springel}, V. and {White}, S.~D.~M. and 
	{Jenkins}, A. and {Lemson}, G.},
    title = "{Resolving cosmic structure formation with the Millennium-II Simulation}",
  journal = {\mnras},
archivePrefix = "arXiv",
   eprint = {0903.3041},
 keywords = {methods: N-body simulations , galaxies: haloes , cosmology: theory},
     year = 2009,
    month = sep,
   volume = 398,
    pages = {1150-1164},
      doi = {10.1111/j.1365-2966.2009.15191.x},
   adsurl = {http://adsabs.harvard.edu/abs/2009MNRAS.398.1150B},
  adsnote = {Provided by the SAO/NASA Astrophysics Data System}
}

@ARTICLE{2011ApJS..195...11W,
   author = {{Woodring}, J. and {Heitmann}, K. and {Ahrens}, J. and {Fasel}, P. and 
	{Hsu}, C.-H. and {Habib}, S. and {Pope}, A.},
    title = "{Analyzing and Visualizing Cosmological Simulations with ParaView}",
  journal = {The Astrophysical Journal Supplement Series},
archivePrefix = "arXiv",
   eprint = {1010.6128},
 primaryClass = "astro-ph.CO",
 keywords = {large-scale structure of universe, methods: numerical},
     year = 2011,
    month = jul,
   volume = 195,
      eid = {11},
    pages = {11},
      doi = {10.1088/0067-0049/195/1/11},
   adsurl = {http://adsabs.harvard.edu/abs/2011ApJS..195...11W},
  adsnote = {Provided by the SAO/NASA Astrophysics Data System}
}

@ARTICLE{2008NJPh...10l5006D,
   author = {{Dolag}, K. and {Reinecke}, M. and {Gheller}, C. and {Imboden}, S.
	},
    title = "{Splotch: visualizing cosmological simulations}",
  journal = {New Journal of Physics},
archivePrefix = "arXiv",
   eprint = {0807.1742},
     year = 2008,
    month = dec,
   volume = 10,
   number = 12,
    pages = {125006-+},
      doi = {10.1088/1367-2630/10/12/125006},
   adsurl = {http://adsabs.harvard.edu/abs/2008NJPh...10l5006D},
  adsnote = {Provided by the SAO/NASA Astrophysics Data System}
}

@ARTICLE{2008SSRv..134..229D,
   author = {{Dolag}, K. and {Borgani}, S. and {Schindler}, S. and {Diaferio}, A. and 
	{Bykov}, A.~M.},
    title = "{Simulation Techniques for Cosmological Simulations}",
  journal = {Space Science Reviews},
   eprint = {arXiv:0801.1023},
     year = 2008,
    month = feb,
   volume = 134,
    pages = {229-268},
      doi = {10.1007/s11214-008-9316-5},
   adsurl = {http://adsabs.harvard.edu/abs/2008SSRv..134..229D},
  adsnote = {Provided by the SAO/NASA Astrophysics Data System}
}

@ARTICLE{2001Natur.409...39B,
   author = {{Borgani}, S. and {Guzzo}, L.},
    title = "{X-ray clusters of galaxies as tracers of structure in the Universe}",
  journal = {\nat},
   eprint = {arXiv:astro-ph/0012439},
     year = 2001,
    month = jan,
   volume = 409,
    pages = {39-45},
   adsurl = {http://adsabs.harvard.edu/abs/2001Natur.409...39B},
  adsnote = {Provided by the SAO/NASA Astrophysics Data System}
}

@BOOK{1991par..book.....S,
   author = {{Shu}, F.},
    title = "{Physics of Astrophysics: Volume I Radiation}",
publisher = {Published by University Science Books, 648 Broadway, Suite 902, New York, NY 10012},
     year = 1991,
   adsurl = {http://adsabs.harvard.edu/abs/1991par..book.....S},
  adsnote = {Provided by the SAO/NASA Astrophysics Data System}
}


@ARTICLE{1985A&A...149..135M,
   author = {{Monaghan}, J.~J. and {Lattanzio}, J.~C.},
    title = "{A refined particle method for astrophysical problems}",
  journal = {\aap},
 keywords = {COMPUTATIONAL ASTROPHYSICS, GRAVITATIONAL COLLAPSE, GRAVITATIONAL FIELDS, MANY BODY PROBLEM, MOLECULAR CLOUDS, STELLAR EVOLUTION, ANGULAR MOMENTUM, BINARY STARS, COMPUTATIONAL GRIDS, INTERPOLATION, KERNEL FUNCTIONS, PARTICLE MASS, STELLAR ORBITS},
     year = 1985,
    month = aug,
   volume = 149,
    pages = {135-143},
   adsurl = {http://adsabs.harvard.edu/abs/1985A%26A...149..135M},
  adsnote = {Provided by the SAO/NASA Astrophysics Data System}
}

@ARTICLE{1977MNRAS.181..375G,
   author = {{Gingold}, R.~A. and {Monaghan}, J.~J.},
    title = "{Smoothed particle hydrodynamics - Theory and application to non-spherical stars}",
  journal = {\mnras},
     year = 1977,
    month = nov,
   volume = 181,
    pages = {375-389},
   adsurl = {http://adsabs.harvard.edu/abs/1977MNRAS.181..375G},
  adsnote = {Provided by the Smithsonian/NASA Astrophysics Data System}
}


@ARTICLE{1977AJ.....82.1013L,
   author = {{Lucy}, L.~B.},
    title = "{A numerical approach to the testing of the fission hypothesis}",
  journal = {\aj},
     year = 1977,
    month = dec,
   volume = 82,
    pages = {1013-1024},
   adsurl = {http://adsabs.harvard.edu/abs/1977AJ.....82.1013L},
  adsnote = {Provided by the Smithsonian/NASA Astrophysics Data System}
}



@ARTICLE{Lax54,
   author = {{Lax}, P. D.},
    title = "{ Weak solutions of non-linear hyperbolic equations and 
their numerical computation}",
  journal = {Communications on Pure and Applied Mathematics},
   eprint = {},
     year = 1954,
    month = {},
   volume = 7,
    pages = {159-193},
      doi = {},
   adsurl = {},
  adsnote = {}
}


@ARTICLE{2006MNRAS.367.1641B,
   author = {{Borgani}, S. and {Dolag}, K. and {Murante}, G. and {Cheng}, L.-M. and 
	{Springel}, V. and {Diaferio}, A. and {Moscardini}, L. and {Tormen}, G. and 
	{Tornatore}, L. and {Tozzi}, P.},
    title = "{Hot and cooled baryons in smoothed particle hydrodynamic simulations of galaxy clusters: physics and numerics}",
  journal = {\mnras},
   eprint = {arXiv:astro-ph/0512506},
     year = 2006,
    month = apr,
   volume = 367,
    pages = {1641-1654},
      doi = {10.1111/j.1365-2966.2006.10075.x},
   adsurl = {http://adsabs.harvard.edu/abs/2006MNRAS.367.1641B},
  adsnote = {Provided by the Smithsonian/NASA Astrophysics Data System}
}

@ARTICLE{2004MNRAS.348.1078B,
   author = {{Borgani}, S. and {Murante}, G. and {Springel}, V. and {Diaferio}, A. and 
	{Dolag}, K. and {Moscardini}, L. and {Tormen}, G. and {Tornatore}, L. and 
	{Tozzi}, P.},
    title = "{X-ray properties of galaxy clusters and groups from a cosmological hydrodynamical simulation}",
  journal = {\mnras},
   eprint = {arXiv:astro-ph/0310794},
 keywords = {hydrodynamics, galaxies: clusters: general, X-rays: galaxies},
     year = 2004,
    month = mar,
   volume = 348,
    pages = {1078-1096},
      doi = {10.1111/j.1365-2966.2004.07431.x},
   adsurl = {http://adsabs.harvard.edu/abs/2004MNRAS.348.1078B},
  adsnote = {Provided by the SAO/NASA Astrophysics Data System}
}

@ARTICLE{2006MNRAS.370..656D,
   author = {{Dolag}, K. and {Meneghetti}, M. and {Moscardini}, L. and {Rasia}, E. and 
	{Bonaldi}, A.},
    title = "{Simulating the physical properties of dark matter and gas inside the cosmic web}",
  journal = {\mnras},
   eprint = {arXiv:astro-ph/0511357},
 keywords = {hydrodynamics: galaxies: clusters: general: intergalactic medium: cosmology: theory: diffuse radiation: X-rays: general},
     year = 2006,
    month = aug,
   volume = 370,
    pages = {656-672},
      doi = {10.1111/j.1365-2966.2006.10511.x},
   adsurl = {http://adsabs.harvard.edu/abs/2006MNRAS.370..656D},
  adsnote = {Provided by the SAO/NASA Astrophysics Data System}
}

@ARTICLE{springel2005,
   author = {{Springel}, V.},
    title = "{The cosmological simulation code GADGET-2}",
  journal = {\mnras},
     year = 2005,
    month = dec,
   volume = 364,
    pages = {1105-1134},
      doi = {10.1111/j.1365-2966.2005.09655.x},
   adsurl = {http://cdsads.u-strasbg.fr/cgi-bin/nph-bib_query?bibcode=2005MNRAS.364.1105S&db_key=AST},
  adsnote = {Provided by the Smithsonian/NASA Astrophysics Data System}
}

@ARTICLE{2001MNRAS.328..726S,
   author = {{Springel}, V. and {White}, S.~D.~M. and {Tormen}, G. and {Kauffmann}, G.
	},
    title = "{Populating a cluster of galaxies - I. Results at [formmu2]z=0}",
  journal = {\mnras},
   eprint = {arXiv:astro-ph/0012055},
 keywords = {GALAXIES: CLUSTERS: GENERAL, GALAXIES: FORMATION, DARK MATTER},
     year = 2001,
    month = dec,
   volume = 328,
    pages = {726-750},
      doi = {10.1046/j.1365-8711.2001.04912.x},
   adsurl = {http://adsabs.harvard.edu/abs/2001MNRAS.328..726S},
  adsnote = {Provided by the SAO/NASA Astrophysics Data System}
}

@ARTICLE{ jin:high-performance,
AUTHOR = {Zhefan Jin and Mel Krokos and Marzia Rivi and Claudio Gheller and Klaus Dolag and Martin Reinecke},
TITLE = {High-performance astrophysical visualization using Splotch},
JOURNAL = {Procedia Computer Science},
PAGES = {1775-1784},
VOLUME = 1,
YEAR = {2010},
  }

@ONLINE{hdf5,
author = {http://www.hdfgroup.org/HDF5/},
url = {http://www.hdfgroup.org/HDF5/}
}

@ONLINE{cudaurl,
author = {http://developer.nvidia.com/cuda/},
url = {http://developer.nvidia.com/cuda/}
}

@ONLINE{tipsyurl,
author = {http://www-hpcc.astro.washington.edu/tools/tipsy/tipsy.html},
url = {http://www-hpcc.astro.washington.edu/tools/tipsy/tipsy.html}
}

@ONLINE{thrusturl,
author = {http://thrust.github.com},
url = {http://thrust.github.com}
}

@ONLINE{openmpurl,
author = {http://openmp.org},
url = {http://openmp.org}
}

@ONLINE{horizon,
author = {http://www.projet-horizon.fr},
url = {http://www.projet-horizon.fr}
}

@ONLINE{deus,
author = {http://www.deus-consortium.org/},
url = {http://www.deus-consortium.org/}
}

@ONLINE{millennium,
author = {http://www.mpa-garching.mpg.de/galform/virgo/millennium/},
url = {http://www.mpa-garching.mpg.de/galform/virgo/millennium/}
}

@ONLINE{gadgeturl,
author = {http://www.mpa-garching.mpg.de/gadget/},
url = {http://www.mpa-garching.mpg.de/gadget/}
}

@ONLINE{splash,
author = {http://users.monash.edu.au/~dprice/splash/},
url = {http://users.monash.edu.au/~dprice/splash/}
}

@ONLINE{paraview,
author = {http://www.paraview.org/},
url = {http://www.paraview.org/}
}

@ONLINE{visit,
author = {https://wci.llnl.gov/codes/visit/},
url = {https://wci.llnl.gov/codes/visit/}
}

@ONLINE{vtk,
author = {http://www.vtk.org/},
url = {http://www.vtk.org/}
}

@ARTICLE{2012arXiv1208.3206K,
   author = {{Kaehler}, R. and {Hahn}, O. and {Abel}, T.},
    title = "{A Novel Approach to Visualizing Dark Matter Simulations}",
  journal = {ArXiv e-prints},
archivePrefix = "arXiv",
   eprint = {1208.3206},
 primaryClass = "astro-ph.IM",
 keywords = {Astrophysics - Instrumentation and Methods for Astrophysics, Astrophysics - Cosmology and Extragalactic Astrophysics},
     year = 2012,
    month = aug,
   adsurl = {http://adsabs.harvard.edu/abs/2012arXiv1208.3206K},
  adsnote = {Provided by the SAO/NASA Astrophysics Data System}
}

@article{Fraedrich:2009:TMV,
     
  author = {{Fraedrich}, R. and {Schneider}, J. and {Westermann}, R.},
     
  title = {Exploring the "Millennium Run" - Scalable Rendering of Large-Scale Cosmological Datasets},
     
  year = {2009},
     month = {November-December},
     
  journal = {IEEE Transactions on Visualization and Computer Graphics
 (Proceedings Visualization / Information Visualization 2009)},
     
  volume = {15},
     
  number = {6},
}

@article{RadixSort,
     
  author = {{Merrill}, D. and {Grimshaw}, A.},
     
  title = {Revising Sorting for GPGPU Stream Architectures},
     
  year = {2010},
     month = {February},
     
  journal = {Technical Report CS2010-03, Department of Computer Science, University of Virginia},
}

@INPROCEEDINGS{2012ASPC..461...45H,
   author = {{Hassan}, A.~H. and {Fluke}, C.~J. and {Barnes}, D.~G.},
    title = "{Unleashing the Power of Distributed CPU/GPU Architectures: Massive Astronomical Data Analysis and Visualization Case Study}",
booktitle = {Astronomical Data Analysis Software and Systems XXI},
     year = 2012,
   series = {Astronomical Society of the Pacific Conference Series},
   volume = 461,
archivePrefix = "arXiv",
   eprint = {1111.6661},
 primaryClass = "astro-ph.IM",
   editor = {{Ballester}, P. and {Egret}, D. and {Lorente}, N.~P.~F.},
    month = sep,
    pages = {45},
   adsurl = {http://adsabs.harvard.edu/abs/2012ASPC..461...45H},
  adsnote = {Provided by the SAO/NASA Astrophysics Data System}
}

@article {Becciani-2010-V–I,
author= {U. Becciani, A. Costa, V. Antonuccio-Delogu, G. Caniglia, M. Comparato, C. Gheller, Z. Jin, M. Krokos, P. Massimino},
title= {VisIVO – Integrated Tools and Services for Large-Scale Astrophysical Visualization},
journal= {Publications of the Astronomical Society of the Pacific},
year= "2010",
volume= "122",
pages= "119--130"
}

@ARTICLE{2007PASP..119..898C,
   author = {{Comparato}, M. and {Becciani}, U. and {Costa}, A. and {Larsson}, B. and
        {Garilli}, B. and {Gheller}, C. and {Taylor}, J.},
    title = "{Visualization, Exploration, and Data Analysis of Complex Astrophysical Data}",
  journal = {"Publications of the Astronomical Society of the Pacific"},
archivePrefix = "arXiv",
   eprint = {0707.2474},
 keywords = {Data Analysis and Techniques},
     year = 2007,
    month = aug,
   volume = 119,
    pages = {898-913},
      doi = {10.1086/521375},
   adsurl = {http://adsabs.harvard.edu/abs/2007PASP..119..898C},
  adsnote = {Provided by the SAO/NASA Astrophysics Data System}
}

@article {m83-vis,
author= {K. Dolag, C. Gheller, B. Koribalsky},
title= {3D modeling and Visualization of the M83 Galaxy Group},
journal= {In preparation},
year= 2013,
}
